<record><leader>00000cas a22000007a 4500</leader><controlfield tag="001">14163337</controlfield><controlfield tag="008">860829d18791883wiuwr ne      0    0eng d</controlfield><datafield ind1=" " ind2=" " tag="010"><subfield code="a">sn 86086650 </subfield></datafield><datafield ind1=" " ind2=" " tag="040"><subfield code="a">NPV</subfield><subfield code="b">eng</subfield><subfield code="c">NPV</subfield><subfield code="d">OCLCQ</subfield></datafield><datafield ind1=" " ind2=" " tag="042"><subfield code="a">msc</subfield></datafield><datafield ind1="0" ind2=" " tag="130"><subfield code="a">Marshfield times (Marshfield, Wis. : 1879)</subfield></datafield><datafield ind1="1" ind2="4" tag="245"><subfield code="a">The Marshfield times.</subfield></datafield><datafield ind1=" " ind2=" " tag="260"><subfield code="a">Marshfield, Wis. :</subfield><subfield code="b">[s.n.],</subfield><subfield code="c">-1883.</subfield></datafield><datafield ind1=" " ind2=" " tag="300"><subfield code="a">v.</subfield></datafield><datafield ind1=" " ind2=" " tag="310"><subfield code="a">Weekly</subfield></datafield><datafield ind1="0" ind2=" " tag="362"><subfield code="a">-v.4, no. 27 (May 26, 1883).</subfield></datafield><datafield ind1="1" ind2=" " tag="362"><subfield code="a">Began in 1879?</subfield></datafield><datafield ind1=" " ind2=" " tag="588"><subfield code="a">Description based on: Vol. 3, no. 13 (Feb. 11, 1882).</subfield></datafield><datafield ind1=" " ind2=" " tag="752"><subfield code="a">United States</subfield><subfield code="b">Wisconsin</subfield><subfield code="c">Marathon</subfield><subfield code="d">Marshfield.</subfield></datafield><datafield ind1=" " ind2=" " tag="752"><subfield code="a">United States</subfield><subfield code="b">Wisconsin</subfield><subfield code="c">Wood</subfield><subfield code="d">Marshfield.</subfield></datafield><datafield ind1="0" ind2="7" tag="785"><subfield code="t">Marshfield gazette</subfield></datafield><datafield ind1="0" ind2="7" tag="785"><subfield code="t">Times and gazette</subfield><subfield code="w">(DLC)sn 86086651</subfield></datafield></record>